@article{Chaudhuri_1989,
   author = {Chaudhuri, Subhasis and Chatterjee, Shankar and Katz, Norman and Nelson, Mark and Goldbaum, Michael},
   title = {Detection of blood vessels in retinal images using two-dimensional matched filters},
   journal = {IEEE Transactions on Medical Imaging},
   volume = {8},
   number = {3},
   pages = {263-269},
   year = {1989},
}


@article{Marin_2011,
   author = {D. Marin and A. Aquino and M. E. Gegundez-Arias and J. M. Bravo},
   title = {A new supervised method for blood vessel segmentation in retinal images by using gray-level and moment invariants-based features},
   journal = {IEEE Transactions on Medical Imaging},
   volume = {30},
   number = {1},
   pages = {146-158},
   year = {2011},
}

@article{Soares,
   author = {Soares, Joao VB and Leandro, Jorge JG and Cesar, Roberto M and Jelinek, Herbert F and Cree, Michael J},
   title = {Retinal vessel segmentation using the 2-{D} {G}abor wavelet and supervised classification},
   journal = {IEEE Transactions on Medical Imaging},
   volume = {25},
   number = {9},
   pages = {1214-1222},
   year = {2006},
}

@article{Nguyen_2013,
   author = {Nguyen, Uyen TV and Bhuiyan, Alauddin and Park, Laurence AF and Ramamohanarao, Kotagiri},
   title = {An effective retinal blood vessel segmentation method using multi-scale line detection},
   journal = {Pattern Recognition},
   volume = {46},
   number = {3},
   pages = {703-715},
   year = {2013},
}

@article{Zhang_2010,
   author = {Zhang, Bob and Zhang, Lin and Zhang, Lei and Karray, Fakhri},
   title = {Retinal vessel extraction by matched filter with first-order derivative of {G}aussian},
   journal = {Computers in Biology and Medicine},
   volume = {40},
   number = {4},
   pages = {438-445},
   year = {2010},
}


@inproceedings{Li_2014,
author={Y. Li and M. S. Brown}, 
booktitle={IEEE Conference on Computer Vision and Pattern Recognition}, 
title={Single Image Layer Separation Using Relative Smoothness}, 
year={2014}, 
pages={2752-2759},      
}
